@book{fling2009mobile,
  title={Mobile design and development: Practical concepts and techniques for creating mobile sites and Web apps},
  author={Fling, Brian},
  year={2009},
  publisher={O'Reilly Media, Inc.}
}

@article{punchoojit2017usability,
  title={Usability studies on mobile user interface design patterns: a systematic literature review},
  author={Punchoojit, Lumpapun and Hongwarittorrn, Nuttanont},
  journal={Advances in Human-Computer Interaction},
  volume={2017},
  year={2017},
  publisher={Hindawi}
}

@online{webdesignres,
  author={Schifano, Daniel},
  title={Complete Web \& Mobile Designer Resources},
  year={2023},
  howpublished={\url{{https://danielschifano.notion.site/Complete-Web-Mobile-Designer-Resources-d1d9b6868a7746ffb3b6f02703ac7724}}},
  url={https://danielschifano.notion.site/Complete-Web-Mobile-Designer-Resources-d1d9b6868a7746ffb3b6f02703ac7724},
  urldate={2023-06-26},
  note={Throughout the course, we are going to be using various tools and resources for designers to build our project.}
}

@book{reactnative,
  title={React Native},
  author={Facebook},
  year={2023},
  publisher={O'Reilly Media, Inc.}
}

@online{expo,
  title={Expo},
  author={Expo Team},
  year={2023},
  howpublished={\url{https://expo.io/}},
  urldate={2023-06-26},
  note={Expo is a set of tools and services built around React Native that simplifies the development process.}
}

@online{typescript,
  title={TypeScript},
  author={Microsoft},
  year={2023},
  howpublished={\url{https://www.typescriptlang.org/}},
  urldate={2023-06-26},
  note={TypeScript is a statically typed superset of JavaScript that brings additional features and benefits to the development process.}
}

@online{graphql,
  title={GraphQL},
  author={Facebook},
  year={2023},
  howpublished={\url{https://graphql.org/}},
  urldate={2023-06-26},
  note={GraphQL is a query language for APIs and a runtime for executing queries with existing data.}
}

@misc{figma,
  title={Figma},
  author={{Figma Team}},
  year={2023},
  howpublished={\url{https://www.figma.com/}},
  urldate={2023-06-26},
  note={Figma is a cloud-based design and prototyping tool for collaborative interface design.}
}

@misc{webstorm,
  title={WebStorm},
  author={{JetBrains}},
  year={2023},
  howpublished={\url{https://www.jetbrains.com/webstorm/}},
  urldate={2023-06-26},
  note={WebStorm is an IDE specifically designed for web development with advanced features for TypeScript, JavaScript, HTML, and CSS.}
}

@misc{expogo,
  title={Expo Go},
  author={{Expo Team}},
  year={2023},
  howpublished={\url{https://expo.io/client}},
  urldate={2023-06-26},
  note={Expo Go is a mobile app for testing and previewing React Native applications on physical devices.}
}

@misc{reactdevtools,
  title={React Developer Tools},
  author={{Facebook}},
  year={2023},
  howpublished={\url{https://github.com/facebook/react-devtools}},
  urldate={2023-06-26},
  note={React Developer Tools is a browser extension for enhancing the development experience with React applications.}
}

@misc{apollostudio,
  title={Apollo Studio},
  author={{Apollo GraphQL}},
  year={2023},
  howpublished={\url{https://www.apollographql.com/studio/}},
  urldate={2023-06-26},
  note={Apollo Studio is a tool for managing and analyzing GraphQL APIs.}
}

@misc{strapi,
  title={Strapi},
  author={{Strapi Team}},
  year={2023},
  howpublished={\url{https://strapi.io/}},
  urldate={2023-06-26},
  note={Strapi is an open-source headless CMS for building API-driven applications.}
}

@online{graphql,
  title={GraphQL},
  author={{GraphQL Foundation}},https://expo.io/}
  year={2023},
  howpublished={\url{https://graphql.org/}},
  urldate={2023-06-26},
  note={GraphQL is a query language for APIs that provides efficient and flexible data fetching.}
}

@misc{apolloserver,
  title={Apollo Server},
  author={{Apollo GraphQL}},
  year={2023},
  howpublished={\url{https://www.apollographql.com/docs/apollo-server/}},
  urldate={2023-06-26},
  note={Apollo Server is an open-source GraphQL server implementation for building scalable APIs.}
}

@misc{sqlite,
  title={SQLite},
  author={{SQLite Consortium}},
  year={2023},
  howpublished={\url{https://www.sqlite.org/}},
  urldate={2023-06-26},
  note={SQLite is a lightweight and self-contained relational database management system.}
}
